@book{Embrechts_1997,
	doi = {10.1007/978-3-642-33483-2},
	url = {https://doi.org/10.1007%2F978-3-642-33483-2},
	year = 1997,
	publisher = {Springer Berlin Heidelberg},
	author = {Paul Embrechts and Claudia Kl√ºppelberg and Thomas Mikosch},
	title = {Modelling Extremal Events}
}
@book{Resnick_1987,
	doi = {10.1007/978-0-387-75953-1},
	url = {https://doi.org/10.1007%2F978-0-387-75953-1},
	year = 1987,
	publisher = {Springer New York},
	author = {Sidney I. Resnick},
	title = {Extreme Values, Regular Variation and Point Processes}
}